@inproceedings{langley00,
 author    = {P. Langley},
 title     = {Crafting Papers on Machine Learning},
 year      = {2000},
 pages     = {1207--1216},
 editor    = {Pat Langley},
 booktitle     = {Proceedings of the 17th International Conference
              on Machine Learning (ICML 2000)},
 address   = {Stanford, CA},
 publisher = {Morgan Kaufmann},
 url={http://papers.nips.cc/paper/4824-imagenet-classification-with-deep-convolutional-neural-networks.pdf}
}

@TechReport{mitchell80,
  author = 	 "T. M. Mitchell",
  title = 	 "The Need for Biases in Learning Generalizations",
  institution =  "Computer Science Department, Rutgers University",
  year = 	 "1980",
  address =	 "New Brunswick, MA",
}

@phdthesis{kearns89,
  author = {M. J. Kearns},
  title =  {Computational Complexity of Machine Learning},
  school = {Department of Computer Science, Harvard University},
  year =   {1989}
}

@Book{MachineLearningI,
  editor = 	 "R. S. Michalski and J. G. Carbonell and T.
		  M. Mitchell",
  title = 	 "Machine Learning: An Artificial Intelligence
		  Approach, Vol. I",
  publisher = 	 "Tioga",
  year = 	 "1983",
  address =	 "Palo Alto, CA"
}

@Book{DudaHart2nd,
  author =       "R. O. Duda and P. E. Hart and D. G. Stork",
  title =        "Pattern Classification",
  publisher =    "John Wiley and Sons",
  edition =      "2nd",
  year =         "2000"
}

@misc{anonymous,
  title= {Suppressed for Anonymity},
  author= {Author, N. N.},
  year= {2011},
}

@InCollection{Newell81,
  author =       "A. Newell and P. S. Rosenbloom",
  title =        "Mechanisms of Skill Acquisition and the Law of
                  Practice", 
  booktitle =    "Cognitive Skills and Their Acquisition",
  pages =        "1--51",
  publisher =    "Lawrence Erlbaum Associates, Inc.",
  year =         "1981",
  editor =       "J. R. Anderson",
  chapter =      "1",
  address =      "Hillsdale, NJ"
}


@Article{Samuel59,
  author = 	 "A. L. Samuel",
  title = 	 "Some Studies in Machine Learning Using the Game of
		  Checkers",
  journal =	 "IBM Journal of Research and Development",
  year =	 "1959",
  volume =	 "3",
  number =	 "3",
  pages =	 "211--229"
}

@article{loshchilov2018fixing,
  title = {Fixing weight decay regularization in {Adam}},
  author = {Loshchilov, Ilya and Hutter, Frank},
  journal={arXiv preprint arXiv:1711.05101},
  year={2017},
  url = {https://arxiv.org/abs/1711.05101}
}


@article{intro1,
  title={Video captioning: a review of theory, techniques and practices},
  author={Jain, Vanita and Al-Turjman, Fadi and Chaudhary, Gopal and Nayar, Devang and Gupta, Varun and Kumar, Aayush},
  journal={Multimedia Tools and Applications},
  volume={81},
  number={25},
  pages={35619--35653},
  year={2022},
  publisher={Springer}
}

@article{intro2,
  title={Exploring video captioning techniques: A comprehensive survey on deep learning methods},
  author={Islam, Saiful and Dash, Aurpan and Seum, Ashek and Raj, Amir Hossain and Hossain, Tonmoy and Shah, Faisal Muhammad},
  journal={SN Computer Science},
  volume={2},
  number={2},
  pages={1--28},
  year={2021},
  publisher={Springer}
}

@article{intro4,
  title={Generating video descriptions with latent topic guidance},
  author={Chen, Shizhe and Jin, Qin and Chen, Jia and Hauptmann, Alexander G},
  journal={IEEE Transactions on Multimedia},
  volume={21},
  number={9},
  pages={2407--2418},
  year={2019},
  publisher={IEEE}
}

@inproceedings{bleu,
  title={BLEU: a method for automatic evaluation of machine translation},
  author={Papineni, Kishore and Roukos, Salim and Ward, Todd and Zhu, Wei-Jing},
  booktitle={Proceedings of the 40th annual meeting on association for computational linguistics},
  pages={311--318},
  year={2002},
  organization={Association for Computational Linguistics}
}

@inproceedings{rogue,
  title={ROUGE: A Package for Automatic Evaluation of Summaries},
  author={Lin, Chin-Yew},
  booktitle={Text Summarization Branches Out},
  pages={74--81},
  year={2004},
  organization={Association for Computational Linguistics}
}

@inproceedings{meteor,
  title={METEOR: An automatic metric for MT evaluation with improved correlation with human judgments},
  author={Banerjee, Satanjeev and Lavie, Alon},
  booktitle={Proceedings of the acl workshop on intrinsic and extrinsic evaluation measures for machine translation and/or summarization},
  volume={29},
  pages={65--72},
  year={2005}
}

@article{crossencoder,
  title={Sentence-BERT: Sentence Embeddings using Siamese BERT-Networks},
  author={Reimers, Nils and Gurevych, Iryna},
  journal={EMNLP-IJCNLP 2019},
  pages={3982--3992},
  year={2019}
}

@INPROCEEDINGS{activitynet,
  author={Heilbron, Fabian Caba and Escorcia, Victor and Ghanem, Bernard and Niebles, Juan Carlos},
  booktitle={2015 IEEE Conference on Computer Vision and Pattern Recognition (CVPR)}, 
  title={ActivityNet: A large-scale video benchmark for human activity understanding}, 
  year={2015},
  volume={},
  number={},
  pages={961-970},
  doi={10.1109/CVPR.2015.7298698}}



@InProceedings{yu2016video,
author = {Yu, Haonan and Wang, Jiang and Huang, Zhiheng and Yang, Yi and Xu, Wei},
title = {Video Paragraph Captioning Using Hierarchical Recurrent Neural Networks},
booktitle = {Proceedings of the IEEE Conference on Computer Vision and Pattern Recognition (CVPR)},
month = {June},
year = {2016}
}

@inproceedings{pan2016hierarchical,
  title={Hierarchical recurrent neural encoder for video representation with application to captioning},
  author={Pan, Yingwei and Mei, Tao and Yao, Ting and Li, Houqiang},
  booktitle={Proceedings of the IEEE conference on computer vision and pattern recognition},
  pages={1029--1038},
  year={2016}
}

@InProceedings{zhou2018end,
author = {Zou, Nannan and Zhang, Honglei and Cricri, Francesco and Tavakoli, Hamed R. and Lainema, Jani and Aksu, Emre and Hannuksela, Miska and Rahtu, Esa},
title = {End-to-End Learning for Video Frame Compression With Self-Attention},
booktitle = {Proceedings of the IEEE/CVF Conference on Computer Vision and Pattern Recognition (CVPR) Workshops},
month = {June},
year = {2020}
}
@InProceedings{kim2020dense,
author = {Sun, Chen and Myers, Austin and Vondrick, Carl and Murphy, Kevin and Schmid, Cordelia},
title = {VideoBERT: A Joint Model for Video and Language Representation Learning},
booktitle = {Proceedings of the IEEE/CVF International Conference on Computer Vision (ICCV)},
month = {October},
year = {2019}
}

@inproceedings{mahajan2018exploring,
  title={Exploring the limits of transfer learning with a unified text-to-text transformer},
  author={Mahajan, Divyansh and Liu, Zi and Wu, Xinyi and Chuang, Chenjie and Yang, Emily and Li, Vinh},
  booktitle={Advances in Neural Information Processing Systems},
  pages={2234--2244},
  year={2018}
}

@inproceedings{johnson2016densecap,
  title={Densecap: Fully convolutional localization networks for dense captioning},
  author={Johnson, Justin and Karpathy, Andrej and Fei-Fei, Li},
  booktitle={Proceedings of the IEEE conference on computer vision and pattern recognition},
  pages={4565--4574},
  year={2016}
}

@inproceedings{liu2020mobile,
  title={Mobile real-time video object captioning with audio-visual attentions},
  author={Liu, Fanyi and Chen, Qifeng and Wang, Yizhou},
  booktitle={Proceedings of the IEEE/CVF Conference on Computer Vision and Pattern Recognition},
  pages={7882--7891},
  year={2020}
}

@inproceedings{le2021pdvc,
  title={PDVC: Permutation and dilation varying convolution for real-time dense video captioning},
  author={Le, Van Tuan and Lee, Seungjun and Yoo, Jaehyun and Kim, Gunhee},
  booktitle={Proceedings of the IEEE/CVF Conference on Computer Vision and Pattern Recognition},
  pages={1025--1034},
  year={2021}
}

@misc{lin2022swinbert,
      title={SwinBERT: End-to-End Transformers with Sparse Attention for Video Captioning}, 
      author={Kevin Lin and Linjie Li and Chung-Ching Lin and Faisal Ahmed and Zhe Gan and Zicheng Liu and Yumao Lu and Lijuan Wang},
      year={2022},
      eprint={2111.13196},
      archivePrefix={arXiv},
      primaryClass={cs.CV}
}

@inproceedings{sari,
title = {Optimizing Statistical Machine Translation for Text Simplification},
authors={Xu, Wei and Napoles, Courtney and Pavlick, Ellie and Chen, Quanze and Callison-Burch, Chris},
journal = {Transactions of the Association for Computational Linguistics},
volume = {4},
year={2016},
url = {https://www.aclweb.org/anthology/Q16-1029},
pages = {401--415},
}

@article{Aafaq2019SpatioTemporalDA,
  title={Spatio-Temporal Dynamics and Semantic Attribute Enriched Visual Encoding for Video Captioning},
  author={Nayyer Aafaq and Naveed Akhtar and W. Liu and Syed Zulqarnain Gilani and Ajmal S. Mian},
  journal={2019 IEEE/CVF Conference on Computer Vision and Pattern Recognition (CVPR)},
  year={2019},
  pages={12479-12488}
}

@inproceedings{Chen2019DeepLF,
  title={Deep Learning for Video Captioning: A Review},
  author={Shaoxiang Chen and Ting Yao and Yu-Gang Jiang},
  booktitle={International Joint Conference on Artificial Intelligence},
  year={2019}
}

@article{Liu2018SibNetSC,
  title={SibNet: Sibling Convolutional Encoder for Video Captioning},
  author={Sheng Liu and Zhou Ren and Junsong Yuan},
  journal={IEEE Transactions on Pattern Analysis and Machine Intelligence},
  year={2018},
  volume={43},
  pages={3259-3272}
}

@article{Pei2019MemoryAttendedRN,
  title={Memory-Attended Recurrent Network for Video Captioning},
  author={Wenjie Pei and Jiyuan Zhang and Xiangrong Wang and Lei Ke and Xiaoyong Shen and Yu-Wing Tai},
  journal={2019 IEEE/CVF Conference on Computer Vision and Pattern Recognition (CVPR)},
  year={2019},
  pages={8339-8348}
}

@article{Shi2020LearningSC,
  title={Learning Semantic Concepts and Temporal Alignment for Narrated Video Procedural Captioning},
  author={Botian Shi and Lei Ji and Zhendong Niu and Nan Duan and M. Zhou and Xilin Chen},
  journal={Proceedings of the 28th ACM International Conference on Multimedia},
  year={2020}
}

@article{Liu2021VideoST,
  title={Video Swin Transformer},
  author={Ze Liu and Jia Ning and Yue Cao and Yixuan Wei and Zheng Zhang and Stephen Lin and Han Hu},
  journal={2022 IEEE/CVF Conference on Computer Vision and Pattern Recognition (CVPR)},
  year={2021},
  pages={3192-3201}
}

@inproceedings{Loshchilov2017DecoupledWD,
  title={Decoupled Weight Decay Regularization},
  author={Ilya Loshchilov and Frank Hutter},
  booktitle={International Conference on Learning Representations},
  year={2017}
}

@inproceedings{Zhou2017TowardsAL,
  title={Towards Automatic Learning of Procedures From Web Instructional Videos},
  author={Luowei Zhou and Chenliang Xu and Jason J. Corso},
  booktitle={AAAI Conference on Artificial Intelligence},
  year={2017}
}

@article{Mun2019StreamlinedDV,
  title={Streamlined Dense Video Captioning},
  author={Jonghwan Mun and L. Yang and Zhou Ren and N. Xu and Bohyung Han},
  journal={2019 IEEE/CVF Conference on Computer Vision and Pattern Recognition (CVPR)},
  year={2019},
  pages={6581-6590}
}

@article{Vaswani2017AttentionIA,
  title={Attention is All you Need},
  author={Ashish Vaswani and Noam M. Shazeer and Niki Parmar and Jakob Uszkoreit and Llion Jones and Aidan N. Gomez and Lukasz Kaiser and Illia Polosukhin},
  journal={ArXiv},
  year={2017},
  volume={abs/1706.03762}
}

@article{Szegedy2015RethinkingTI,
  title={Rethinking the Inception Architecture for Computer Vision},
  author={Christian Szegedy and Vincent Vanhoucke and Sergey Ioffe and Jonathon Shlens and Zbigniew Wojna},
  journal={2016 IEEE Conference on Computer Vision and Pattern Recognition (CVPR)},
  year={2015},
  pages={2818-2826}
}

@misc{r2plus1d,
  title = {r2plus1d\_34-tsp\_on\_activitynet},
  url= {https://github.com/HumamAlwassel/TSP/releases/download/model_weights/r2plus1d_34-tsp_on_activitynet-max_gvf-backbone_lr_0.0001-fc_lr_0.002-epoch_5-0d2cf854.pth},
}

@misc{dvc,
  title = {anet2016-cuhk-feature},
  url= {https://github.com/LuoweiZhou/anet2016-cuhk-feature},
}

@misc{mmaction,
  title = {mmaction-2},
  url= {https://github.com/open-mmlab/mmaction2},
}

@inproceedings{hodosh2013framing,
title={Framing image description as a ranking task: Data, models and evaluation metrics},
author={Hodosh, Micah and Young, Peter and Hockenmaier, Julia},
booktitle={International Conference on Computational Linguistics (COLING)},
year={2013}
}

@article{Lei2021LessIM,
  title={Less is More: CLIPBERT for Video-and-Language Learning via Sparse Sampling},
  author={Jie Lei and Linjie Li and Luowei Zhou and Zhe Gan and Tamara L. Berg and Mohit Bansal and Jingjing Liu},
  journal={2021 IEEE/CVF Conference on Computer Vision and Pattern Recognition (CVPR)},
  year={2021},
  pages={7327-7337}
}

@article{Luo2020UniViLMAU,
  title={UniViLM: A Unified Video and Language Pre-Training Model for Multimodal Understanding and Generation},
  author={Huaishao Luo and Lei Ji and Botian Shi and Haoyang Huang and Nan Duan and Tianrui Li and Xilin Chen and Ming Zhou},
  journal={ArXiv},
  year={2020},
  volume={abs/2002.06353}
}

@article{Li2018JointlyLA,
  title={Jointly Localizing and Describing Events for Dense Video Captioning},
  author={Yehao Li and Ting Yao and Yingwei Pan and Hongyang Chao and Tao Mei},
  journal={2018 IEEE/CVF Conference on Computer Vision and Pattern Recognition},
  year={2018},
  pages={7492-7500}
}

@article{Singh2022V2TVT,
  title={V2T: video to text framework using a novel automatic shot boundary detection algorithm},
  author={Alok Singh and Thoudam Doren Singh and Sivaji Bandyopadhyay},
  journal={Multimedia Tools and Applications},
  year={2022},
  volume={81},
  pages={17989 - 18009}
}

@article{Brown2020LanguageMA,
  title={Language Models are Few-Shot Learners},
  author={Tom B. Brown and Benjamin Mann and Nick Ryder and Melanie Subbiah and Jared Kaplan and Prafulla Dhariwal and Arvind Neelakantan and Pranav Shyam and Girish Sastry and Amanda Askell and Sandhini Agarwal and Ariel Herbert-Voss and Gretchen Krueger and T. J. Henighan and Rewon Child and Aditya Ramesh and Daniel M. Ziegler and Jeff Wu and Clemens Winter and Christopher Hesse and Mark Chen and Eric Sigler and Mateusz Litwin and Scott Gray and Benjamin Chess and Jack Clark and Christopher Berner and Sam McCandlish and Alec Radford and Ilya Sutskever and Dario Amodei},
  journal={ArXiv},
  year={2020},
  volume={abs/2005.14165}
}

@article{Pan2020SpatioTemporalGF,
  title={Spatio-Temporal Graph for Video Captioning With Knowledge Distillation},
  author={Boxiao Pan and Haoye Cai and De-An Huang and Kuan-Hui Lee and Adrien Gaidon and Ehsan Adeli and Juan Carlos Niebles},
  journal={2020 IEEE/CVF Conference on Computer Vision and Pattern Recognition (CVPR)},
  year={2020},
  pages={10867-10876}
}